@article{dijkstra1968,
    editor     = {Edsger Wybe Dijkstra},
    title      = {A constructive approach to the problem of program correctness},
    journal    = {BIT Numerical Mathematics},
    volume     = {8},
    issue_date = {1968},
    pages      = {174-186},
}

@note{dijkstra1969,
    editor     = {Edsger Wybe Dijkstra},
    title      = {Notes on Structured Programming},
    issue_date = {1969},
}

@article{naur1969,
    editor     = {Peter Naur},
    title      = {Programming by action clusters},
    journal    = {BIT Numerical Mathematics},
    volume     = {9},
    issue_date = {1969},
    pages      = {250-258},
}

@book{wirth1970,
    editor     = {Niklaus Wirth},
    title      = {Programming and programming languages},
    issue_date = {1970},
}
